@article{Ito2010PartitioningAW,
  title={Partitioning a Weighted Tree into Subtrees with Weights in a Given Range},
  author={Takehiro Ito and Takao Nishizeki and Michael Schr{\"o}der and Takeaki Uno and Xiaoping Zhou},
  journal={Algorithmica},
  year={2010},
  volume={62},
  pages={823-841}
}